@InProceedings{C2,
  author = 	 "C.D. Jones and Smith, A.B. and E.F. Roberts",
  title = "Paper title",
  booktitle =        "Proceedings Title",
  organization = "IEEE",
  year = 	 "2003",
  volume = 	 "II",
  pages = 	 "803-806"
}


