% This file was created with JabRef 2.8.1.
% Encoding: Cp1252

@ARTICLE{Ahas2007,
  author = {Ahas, Rein and Aasa, Anto and Silm, Siiri and Tiru, Margus},
  title = {Mobile positioning data in tourism studies and monitoring: case study
	in Tartu, Estonia},
  journal = {Information and communication technologies in tourism 2007},
  year = {2007},
  pages = {119--128},
  owner = {alvina},
  publisher = {Springer},
  timestamp = {2013.03.19}
}

@ARTICLE{Allen2006,
  author = {Allen, F.R. and Ambikairajah, E. and Lovell, N.H. and Celler, B.G.},
  title = {Classification of a known sequence of motions and postures from accelerometry
	data using adapted Gaussian mixture models},
  journal = {Physiological Measurement},
  year = {2006},
  volume = {27},
  pages = {935},
  owner = {alvina},
  publisher = {IOP Publishing},
  timestamp = {2013.03.18}
}

@ARTICLE{Anderson2007,
  author = {Anderson, I. and Maitland, J. and Sherwood, S. and Barkhuus, L. and
	Chalmers, M. and Hall, M. and Brown, B. and Muller, H.},
  title = {Shakra: tracking and sharing daily activity levels with unaugmented
	mobile phones},
  journal = {Mobile Networks and Applications},
  year = {2007},
  volume = {12},
  pages = {185--199},
  number = {2},
  owner = {alvina},
  publisher = {Springer},
  timestamp = {2012.09.01}
}

@ARTICLE{Bao2004,
  author = {Bao, L. and Intille, S.},
  title = {Activity recognition from user-annotated acceleration data},
  journal = {Pervasive Computing},
  year = {2004},
  pages = {1--17},
  owner = {alvina},
  publisher = {Springer},
  timestamp = {2012.09.01}
}

@ARTICLE{Berke2011,
  author = {Berke, E.M. and Choudhury, T. and Ali, S. and Rabbi, M.},
  title = {Objective measurement of sociability and activity: mobile sensing
	in the community},
  journal = {The Annals of Family Medicine},
  year = {2011},
  volume = {9},
  pages = {344--350},
  number = {4},
  owner = {alvina},
  publisher = {Annals Family Med},
  timestamp = {2013.03.18}
}

@INPROCEEDINGS{Bieber2010,
  author = {Bieber, G. and Koldrack, P. and Sablowski, C. and Peter, C. and Urban,
	B.},
  title = {Mobile physical activity recognition of stand-up and sit-down transitions
	for user behavior analysis},
  booktitle = {Proceedings of the 3rd International Conference on PErvasive Technologies
	Related to Assistive Environments},
  year = {2010},
  pages = {50},
  organization = {ACM},
  owner = {alvina},
  timestamp = {2012.09.01}
}

@ARTICLE{Bonato2005,
  author = {Bonato, P.},
  title = {Advances in wearable technology and applications in physical medicine
	and rehabilitation},
  journal = {Journal of NeuroEngineering and Rehabilitation},
  year = {2005},
  volume = {2},
  pages = {2},
  number = {1},
  owner = {alvina},
  publisher = {BioMed Central Ltd},
  timestamp = {2013.03.18}
}

@ARTICLE{Brezmes2009,
  author = {Brezmes, T. and Gorricho, J.L. and Cotrina, J.},
  title = {Activity recognition from accelerometer data on a mobile phone},
  journal = {Distributed Computing, Artificial Intelligence, Bioinformatics, Soft
	Computing, and Ambient Assisted Living},
  year = {2009},
  pages = {796--799},
  owner = {alvina},
  publisher = {Springer},
  timestamp = {2012.09.01}
}

@INPROCEEDINGS{Brush2010,
  author = {Brush, AJ and Karlson, A.K. and Scott, J. and Sarin, R. and Jacobs,
	A. and Bond, B. and Murillo, O. and Hunt, G. and Sinclair, M. and
	Hammil, K. and others},
  title = {User experiences with activity-based navigation on mobile devices},
  booktitle = {Proceedings of the 12th international conference on Human computer
	interaction with mobile devices and services},
  year = {2010},
  pages = {73--82},
  organization = {ACM},
  owner = {alvina},
  timestamp = {2013.03.18}
}

@ARTICLE{Bussmann2001,
  author = {Bussmann, J.B.J. and Martens, W.L.J. and Tulen, J.H.M. and Schasfoort,
	FC and van den Berg-Emons, H.J.G. and Stam, HJ},
  title = {Measuring daily behavior using ambulatory accelerometry: the Activity
	Monitor},
  journal = {Behavior Research Methods},
  year = {2001},
  volume = {33},
  pages = {349--356},
  number = {3},
  owner = {alvina},
  publisher = {Springer},
  timestamp = {2012.09.01}
}

@INPROCEEDINGS{Chambers2002,
  author = {Chambers, G.S. and Venkatesh, S. and West, G.A.W. and Bui, H.H.},
  title = {Hierarchical recognition of intentional human gestures for sports
	video annotation},
  booktitle = {Pattern Recognition, 2002. Proceedings. 16th International Conference
	on},
  year = {2002},
  volume = {2},
  pages = {1082--1085},
  organization = {IEEE},
  owner = {alvina},
  timestamp = {2012.09.01}
}

@ARTICLE{Cheung2008,
  author = {Cheung, Stephen L},
  title = {Using mobile phone messaging as a response medium in classroom experiments},
  journal = {The Journal of Economic Education},
  year = {2008},
  volume = {39},
  pages = {51--67},
  number = {1},
  owner = {alvina},
  publisher = {Heldref Publications},
  timestamp = {2013.03.19}
}

@ARTICLE{Choudhury2008,
  author = {Choudhury, T. and Consolvo, S. and Harrison, B. and Hightower, J.
	and LaMarca, A. and LeGrand, L. and Rahimi, A. and Rea, A. and Bordello,
	G. and Hemingway, B. and others},
  title = {The mobile sensing platform: An embedded activity recognition system},
  journal = {Pervasive Computing, IEEE},
  year = {2008},
  volume = {7},
  pages = {32--41},
  number = {2},
  owner = {alvina},
  publisher = {IEEE},
  timestamp = {2013.03.18}
}

@INPROCEEDINGS{Consolvo2008,
  author = {Consolvo, S. and McDonald, D.W. and Toscos, T. and Chen, M.Y. and
	Froehlich, J. and Harrison, B. and Klasnja, P. and LaMarca, A. and
	LeGrand, L. and Libby, R. and others},
  title = {Activity sensing in the wild: a field trial of ubifit garden},
  booktitle = {Proceedings of the twenty-sixth annual SIGCHI conference on Human
	factors in computing systems},
  year = {2008},
  pages = {1797--1806},
  organization = {ACM},
  owner = {alvina},
  timestamp = {2013.03.18}
}

@INPROCEEDINGS{Denning2009,
  author = {Denning, T. and Andrew, A. and Chaudhri, R. and Hartung, C. and Lester,
	J. and Borriello, G. and Duncan, G.},
  title = {BALANCE: towards a usable pervasive wellness application with accurate
	activity inference},
  booktitle = {Proceedings of the 10th workshop on Mobile Computing Systems and
	Applications},
  year = {2009},
  pages = {5},
  organization = {ACM},
  owner = {alvina},
  timestamp = {2012.09.01}
}

@ARTICLE{Foerster1999,
  author = {Foerster, F. and Smeja, M. and Fahrenberg, J.},
  title = {Detection of posture and motion by accelerometry: a validation study
	in ambulatory monitoring},
  journal = {Computers in Human Behavior},
  year = {1999},
  volume = {15},
  pages = {571--583},
  number = {5},
  owner = {alvina},
  publisher = {Elsevier},
  timestamp = {2012.09.01}
}

@ARTICLE{Goodwin2008,
  author = {Goodwin, Matthew S and Velicer, Wayne F and Intille, Stephen S},
  title = {Telemetric monitoring in the behavior sciences},
  journal = {Behavior Research Methods},
  year = {2008},
  volume = {40},
  pages = {328--341},
  number = {1},
  owner = {alvina},
  publisher = {Springer},
  timestamp = {2013.03.19}
}

@INPROCEEDINGS{Henpraserttae2011,
  author = {Henpraserttae, A. and Thiemjarus, S. and Marukatat, S.},
  title = {Accurate Activity Recognition using a Mobile Phone regardless of
	Device Orientation and Location},
  booktitle = {Body Sensor Networks (BSN), 2011 International Conference on},
  year = {2011},
  pages = {41--46},
  organization = {IEEE},
  owner = {alvina},
  timestamp = {2012.09.01}
}

@ARTICLE{Iqbal2006,
  author = {Iqbal, R. and Rafique, G. and Badruddin, S. and Qureshi, R. and Gray-Donald,
	K.},
  title = {Validating MOSPA questionnaire for measuring physical activity in
	Pakistani women},
  journal = {Nutrition journal},
  year = {2006},
  volume = {5},
  pages = {18},
  number = {1},
  owner = {alvina},
  publisher = {BioMed Central Ltd},
  timestamp = {2012.09.01}
}

@MASTERSTHESIS{JodyHausmann2010,
  author = {ir Jody Hausmann},
  title = {Activity Level Estimator},
  school = {University of Geneva, Switzerland},
  year = {2010},
  owner = {alvina},
  timestamp = {2012.09.01}
}

@ARTICLE{Karantonis2006,
  author = {Karantonis, D.M. and Narayanan, M.R. and Mathie, M. and Lovell, N.H.
	and Celler, B.G.},
  title = {Implementation of a real-time human movement classifier using a triaxial
	accelerometer for ambulatory monitoring},
  journal = {Information Technology in Biomedicine, IEEE Transactions on},
  year = {2006},
  volume = {10},
  pages = {156--167},
  number = {1},
  owner = {alvina},
  publisher = {IEEE},
  timestamp = {2013.03.18}
}

@PHDTHESIS{Khan2011,
  author = {Adil Mehmood Khan},
  title = {Human Activity Recognition Using A Single Tri-axial
	
	Accelerometer},
  school = {Department of Computer Engineering Kyung Hee University
	
	Seoul, Korea},
  year = {2011},
  owner = {alvina},
  timestamp = {2012.09.01}
}

@ARTICLE{Kwapisz2011,
  author = {Kwapisz, J.R. and Weiss, G.M. and Moore, S.A.},
  title = {Activity recognition using cell phone accelerometers},
  journal = {ACM SIGKDD Explorations Newsletter},
  year = {2011},
  volume = {12},
  pages = {74--82},
  number = {2},
  owner = {alvina},
  publisher = {ACM},
  timestamp = {2013.03.18}
}

@ARTICLE{Lajunen2007,
  author = {Lajunen, Hanna-Reetta and Keski-Rahkonen, Anna and Pulkkinen, Lea
	and Rose, Richard J and Rissanen, Aila and Kaprio, Jaakko},
  title = {Are computer and cell phone use associated with body mass index and
	overweight? A population study among twin adolescents},
  journal = {BMC Public Health},
  year = {2007},
  volume = {7},
  pages = {24},
  number = {1},
  owner = {alvina},
  publisher = {BioMed Central Ltd},
  timestamp = {2013.03.19}
}

@ARTICLE{Lane,
  author = {Lane, N.D. and Mohammod, M. and Lin, M. and Yang, X. and Lu, H. and
	Ali, S. and Doryab, A. and Berke, E. and Choudhury, T. and Campbell,
	A.T.},
  title = {BeWell: A Smartphone Application to Monitor, Model and Promote Wellbeing},
  owner = {alvina},
  timestamp = {2013.03.18}
}

@INPROCEEDINGS{Lau2010,
  author = {Lau, S.L. and David, K.},
  title = {Movement recognition using the accelerometer in smartphones},
  booktitle = {Future Network and Mobile Summit, 2010},
  year = {2010},
  pages = {1--9},
  organization = {IEEE},
  owner = {alvina},
  timestamp = {2013.03.18}
}

@ARTICLE{Lee2002,
  author = {Lee, S.W. and Mase, K.},
  title = {Activity and location recognition using wearable sensors},
  journal = {Pervasive Computing, IEEE},
  year = {2002},
  volume = {1},
  pages = {24--32},
  number = {3},
  owner = {alvina},
  publisher = {IEEE},
  timestamp = {2013.03.18}
}

@INPROCEEDINGS{Lester2005,
  author = {Lester, J. and Choudhury, T. and Borriello, G. and Consolvo, S. and
	Landay, J. and Everitt, K. and Smith, I.},
  title = {Sensing and modeling activities to support physical fitness},
  booktitle = {Proc. of Ubicomp Workshop: Monitoring, Measuring, and Motivating
	Exercise: Ubiquitous Computing to Support Fitness), Tokyo, Japan},
  year = {2005},
  organization = {Citeseer},
  owner = {alvina},
  timestamp = {2012.09.01}
}

@ARTICLE{Librero2007,
  author = {Librero, Felix and Ramos, Angelo Juan and Ranga, Adelina I and Tri{\~n}ona,
	Jerome and Lambert, David},
  title = {Uses of the cell phone for education in the Philippines and Mongolia},
  journal = {Distance Education},
  year = {2007},
  volume = {28},
  pages = {231--244},
  number = {2},
  owner = {alvina},
  publisher = {Taylor \& Francis},
  timestamp = {2013.03.19}
}

@INPROCEEDINGS{Lu2010,
  author = {Lu, H. and Yang, J. and Liu, Z. and Lane, N.D. and Choudhury, T.
	and Campbell, A.T.},
  title = {The jigsaw continuous sensing engine for mobile phone applications},
  booktitle = {Proceedings of the 8th ACM Conference on Embedded Networked Sensor
	Systems},
  year = {2010},
  pages = {71--84},
  organization = {ACM},
  owner = {alvina},
  timestamp = {2013.03.18}
}

@ARTICLE{Lukowicz2002,
  author = {Lukowicz, P. and Junker, H. and Staeger, M. and von Bueren, T. and
	Troester, G.},
  title = {WearNET: A distributed multi-sensor system for context aware wearables},
  journal = {UbiComp 2002: Ubiquitous Computing},
  year = {2002},
  pages = {361--370},
  owner = {alvina},
  publisher = {Springer},
  timestamp = {2013.03.18}
}

@INPROCEEDINGS{Marschollek2008,
  author = {Marschollek, M. and Wolf, K.H. and Gietzelt, M. and Nemitz, G. and
	Meyer zu Schwabedissen, H. and Haux, R.},
  title = {Assessing elderly persons' fall risk using spectral analysis on accelerometric
	data-a clinical evaluation study},
  booktitle = {Engineering in Medicine and Biology Society, 2008. EMBS 2008. 30th
	Annual International Conference of the IEEE},
  year = {2008},
  pages = {3682--3685},
  organization = {IEEE},
  owner = {alvina},
  timestamp = {2013.03.18}
}

@ARTICLE{Mathie2004,
  author = {Mathie, MJ and Celler, BG and Lovell, N.H. and Coster, A.C.F.},
  title = {Classification of basic daily movements using a triaxial accelerometer},
  journal = {Medical and Biological Engineering and Computing},
  year = {2004},
  volume = {42},
  pages = {679--687},
  number = {5},
  owner = {alvina},
  publisher = {Springer},
  timestamp = {2013.03.18}
}

@ARTICLE{Mathie2004a,
  author = {Mathie, M.J. and Coster, A.C.F. and Lovell, N.H. and Celler, B.G.
	and Lord, S.R. and Tiedemann, A.},
  title = {A pilot study of long-term monitoring of human movements in the home
	using accelerometry},
  journal = {Journal of telemedicine and telecare},
  year = {2004},
  volume = {10},
  pages = {144--151},
  number = {3},
  owner = {alvina},
  publisher = {Royal Society of Medicine Press Ltd},
  timestamp = {2013.03.18}
}

@INPROCEEDINGS{Miluzzo2008,
  author = {Miluzzo, E. and Lane, N.D. and Fodor, K. and Peterson, R. and Lu,
	H. and Musolesi, M. and Eisenman, S.B. and Zheng, X. and Campbell,
	A.T.},
  title = {Sensing meets mobile social networks: the design, implementation
	and evaluation of the cenceme application},
  booktitle = {Proceedings of the 6th ACM conference on Embedded network sensor
	systems},
  year = {2008},
  pages = {337--350},
  organization = {ACM},
  owner = {alvina},
  timestamp = {2013.03.18}
}

@INPROCEEDINGS{Narayanan2008,
  author = {Narayanan, M.R. and Scalzi, M.E. and Redmond, S.J. and Lord, S.R.
	and Celler, B.G. and Lovell, N.H.},
  title = {A wearable triaxial accelerometry system for longitudinal assessment
	of falls risk},
  booktitle = {Engineering in Medicine and Biology Society, 2008. EMBS 2008. 30th
	Annual International Conference of the IEEE},
  year = {2008},
  pages = {2840--2843},
  organization = {IEEE},
  owner = {alvina},
  timestamp = {2013.03.18}
}

@TECHREPORT{Nham2008,
  author = {Nham, B. and Siangliulue, K. and Yeung, S.},
  title = {Predicting mode of transport from iphone accelerometer data},
  institution = {Tech. report, Stanford Univ},
  year = {2008},
  owner = {alvina},
  timestamp = {2013.03.18}
}

@INPROCEEDINGS{Rabbi2011,
  author = {Rabbi, M. and Ali, S. and Choudhury, T. and Berke, E.},
  title = {Passive and In-Situ assessment of mental and physical well-being
	using mobile sensors},
  booktitle = {Proceedings of the 13th international conference on Ubiquitous computing},
  year = {2011},
  pages = {385--394},
  organization = {ACM},
  owner = {alvina},
  timestamp = {2013.03.18}
}

@INPROCEEDINGS{Ravi2005,
  author = {Ravi, N. and Dandekar, N. and Mysore, P. and Littman, M.L.},
  title = {Activity recognition from accelerometer data},
  booktitle = {Proceedings of the National Conference on Artificial Intelligence},
  year = {2005},
  volume = {20},
  number = {3},
  pages = {1541},
  organization = {Menlo Park, CA; Cambridge, MA; London; AAAI Press; MIT Press; 1999},
  owner = {alvina},
  timestamp = {2013.03.18}
}

@ARTICLE{Sultan2008,
  author = {Sultan, Fareena and Rohm, Andrew J},
  title = {How to Market to Generation M (obile)},
  journal = {MIT Sloan management review},
  year = {2008},
  volume = {49},
  pages = {35--41},
  number = {4},
  owner = {alvina},
  timestamp = {2013.03.19}
}

@ARTICLE{Want1992,
  author = {Want, R. and Hopper, A. and Falcao, V. and Gibbons, J.},
  title = {The active badge location system},
  journal = {ACM Transactions on Information Systems (TOIS)},
  year = {1992},
  volume = {10},
  pages = {91--102},
  number = {1},
  owner = {alvina},
  publisher = {ACM},
  timestamp = {2013.03.18}
}

@INPROCEEDINGS{Yang2009,
  author = {Yang, J.},
  title = {Toward physical activity diary: motion recognition using simple acceleration
	features with mobile phones},
  booktitle = {Proceedings of the 1st international workshop on Interactive multimedia
	for consumer electronics},
  year = {2009},
  pages = {1--10},
  organization = {ACM},
  owner = {alvina},
  timestamp = {2013.03.18}
}

@comment{jabref-meta: selector_review:}

@comment{jabref-meta: selector_publisher:}

@comment{jabref-meta: selector_author:}

@comment{jabref-meta: selector_journal:}

@comment{jabref-meta: selector_keywords:}

